<?xml version="1.0" encoding="UTF-8"?><collection xmlns="http://www.loc.gov/MARC21/slim"><record><leader>00379nam--2200133-i-4500</leader><controlfield tag="001">000045017</controlfield><controlfield tag="002">20161230</controlfield><controlfield tag="005">20161230201044</controlfield><controlfield tag="008">060222s1000------------r-----000-0-eng-d</controlfield><datafield ind1=" " ind2=" " tag="100"><subfield code="a">Tolansky, S</subfield></datafield><datafield ind1=" " ind2=" " tag="245"><subfield code="a">Hyperfine structure in line spectra and nuclear spin</subfield></datafield><datafield ind1=" " ind2=" " tag="260"><subfield code="a">London, Methuen &amp; Co., 1953, Viii+120p</subfield></datafield><datafield ind1=" " ind2=" " tag="490"><subfield code="a">Methuen`S Monographs On Physical Subject</subfield></datafield><datafield ind1=" " ind2=" " tag="852"><subfield code="a">2879</subfield></datafield></record></collection>